@article {PMID:9913201,
	Title = {Five two-bit quantum gates are sufficient to implement the quantum Fredkin gate},
	Author = {Smolin, JA and DiVincenzo, DP},
	DOI = {10.1103/physreva.53.2855},
	Number = {4},
	Volume = {53},
	Month = {4},
	Year = {1996},
	Journal = {Physical review. A, Atomic, molecular, and optical physics},
	ISSN = {1050-2947},
	Pages = {2855—2856},
	URL = {https://doi.org/10.1103/physreva.53.2855},
}

@article{Barenco_1995,
   title={Elementary gates for quantum computation},
   volume={52},
   ISSN={1094-1622},
   url={http://dx.doi.org/10.1103/PhysRevA.52.3457},
   DOI={10.1103/physreva.52.3457},
   number={5},
   journal={Physical Review A},
   publisher={American Physical Society (APS)},
   author={Barenco, Adriano and Bennett, Charles H. and Cleve, Richard and DiVincenzo, David P. and Margolus, Norman and Shor, Peter and Sleator, Tycho and Smolin, John A. and Weinfurter, Harald},
   year={1995},
   month={11},
   pages={3457–3467}
}

@article{DBLP:journals/corr/cs-DS-0101004,
  author    = {Kevin K. H. Cheung and
               Michele Mosca},
  title     = {Decomposing Finite Abelian Groups},
  journal   = {CoRR},
  volume    = {cs.DS/0101004},
  year      = {2001},
  url       = {https://arxiv.org/abs/cs/0101004},
  timestamp = {Fri, 10 Jan 2020 12:59:16 +0100},
  biburl    = {https://dblp.org/rec/journals/corr/cs-DS-0101004.bib},
  bibsource = {dblp computer science bibliography, https://dblp.org}
}